@book{yangming2006,
   title =     {矩阵论},
   author =    {{杨明} and {刘先忠}},
   publisher = {华中科技大学},
   address = {武汉},
   year =      {2006},
   edition =   {2},
}